@article{4i2000darab,
  title={ CMOSA 45-iver for wgingirele0-MHz recemW 90ss pa},
  author={nd Abidi, ADarabi Hoosad, Aman a},
  journal={ Solid-StaIEEE srcuital ofte CiJourn},
  volume={35},
  number={8},
  pages={1085--1096},
  year={2020},
  publisher={IEEE}
}
